@inproceedings{comics/marvel/StarkR18,
  author    = {Tony Stark and Steven Rogers},
  title     = {{I}ron {M}an and {C}aptain {A}merica},
  booktitle = {Marvel Comics},
  pages     = {1--10},
  year      = {2018},
}

@book{Goossens:1994:LC:561206,
 author = {Goossens, Michel and Mittelbach, Frank and Samarin, Alexander},
 title = {The LaTeX Companion},
 year = {1994},
 isbn = {0201541998},
 edition = {1st},
 publisher = {Addison-Wesley Longman Publishing Co., Inc.},
 address = {Boston, MA, USA},
}
